@inproceedings{lopes2010office,
  title={The office-space-allocation problem in strongly hierarchized organizations},
  author={Lopes, Rui and Girimonte, Daniela},
  booktitle={European Conference on Evolutionary Computation in Combinatorial Optimization},
  pages={143--153},
  year={2010},
  organization={Springer}
}
@inproceedings{awadallah2012office,
  title={Office-space-allocation problem using harmony search algorithm},
  author={Awadallah, Mohammed A and Khader, Ahamad Tajudin and Al-Betar, Mohammed Azmi and Woon, Phuah Chea},
  booktitle={International Conference on Neural Information Processing},
  pages={365--374},
  year={2012},
  organization={Springer},
}
@incollection{blum2008hybrid,
  title={Hybrid metaheuristics: an introduction},
  author={Blum, Christian and Roli, Andrea},
  booktitle={Hybrid metaheuristics},
  pages={1--30},
  year={2008},
  publisher={Springer}
}
@inproceedings{bolaji2019adaptation,
  title={Adaptation of late acceptance hill climbing algorithm for optimizing the office-space allocation problem},
  author={Bolaji, Asaju La'aro and Michael, Ikechi and Shola, Peter Bamidele},
  booktitle={International Workshop on Hybrid Metaheuristics},
  pages={180--190},
  year={2019},
  organization={Springer},
}
@article{ulker20100,
  title={A 0/1 integer programming model for the office space allocation problem},
  author={{\"U}lker, {\"O}zg{\"u}r and Landa-Silva, Dario},
  journal={Electronic Notes in Discrete Mathematics},
  volume={36},
  pages={575--582},
  year={2010},
  publisher={Elsevier}
}
@article{USM,
author = {Francisco Castillo, Mar\'ia-Cristina Riff, Elizabeth Montero},
title = {New Bounds for Office Space Allocation using Tabu Search},
journal = {GECCO '16: Proceedings of the Genetic and Evolutionary Computation Conference},
year = {2016},
pages = {869--876},
}
@Article{Gao2015,
author={Gao, X. Z.
and Govindasamy, V.
and Xu, H.
and Wang, X.
and Zenger, K.},
title={Harmony Search Method: Theory and Applications},
journal={Computational Intelligence and Neuroscience},
year={2015},
month={Apr},
day={07},
publisher={Hindawi Publishing Corporation},
volume={2015},
pages={258491},
issn={1687-5265},
url={https://doi.org/10.1155/2015/258491}
}